@article{redmond2002data,
  title={A data-driven software tool for enabling cooperative information sharing among police departments},
  author={Redmond, Michael and Baveja, Alok},
  journal={European Journal of Operational Research},
  volume={141},
  number={3},
  pages={660--678},
  year={2002},
  publisher={Elsevier}
}

@inproceedings{ring2017flow,
  title={Flow-based benchmark data sets for intrusion detection},
  author={Ring, Markus and Wunderlich, Sarah and Gr{\"u}dl, Dominik and Landes, Dieter and Hotho, Andreas},
  booktitle={European Conference on Cyber Warfare and Security},
  year={2017}
}

@inproceedings{fan2006reverse,
  title={Reverse testing: an efficient framework to select amongst classifiers under sample selection bias},
  author={Fan, Wei and Davidson, Ian},
  booktitle={Conference on Knowledge Discovery and Data Mining (KDD)},
  year={2006}
}

@article{valindria2017reverse,
  title={Reverse Classification Accuracy: Predicting Segmentation Performance in the Absence of Ground Truth},
  author={Valindria, Vanya V and Lavdas, Ioannis and Bai, Wenjia and Kamnitsas, Konstantinos and Aboagye, Eric O and Rockall, Andrea G and Rueckert, Daniel and Glocker, Ben},
  journal={IEEE Transactions on Medical Imaging},
  year={2017}
}

@inproceedings{platanios2016estimating,
  title={Estimating accuracy from unlabeled data: A bayesian approach},
  author={Platanios, Emmanouil Antonios and Dubey, Avinava and Mitchell, Tom},
  booktitle={International Conference on Machine Learning (ICML)},
  year={2016}
}

@inproceedings{platanios2017estimating,
  title={Estimating Accuracy from Unlabeled Data: A Probabilistic Logic Approach},
  author={Platanios, Emmanouil A and Poon, Hoifung and Mitchell, Tom M and Horvitz, Eric},
  booktitle={Advances in Neural Information Processing Systems (NIPS)},
  year={2017}
}


@article{larson2016,
  title={Machine bias},
  author={Julia Angwin, Jeff Larson, Surya Mattu and Lauren Kirchner},
  journal={ProPublica},
  year={2016}
}

@article{bbctech01072015,
  title={Google apologises for Photos app's racist blunder},
  url={http://www.bbc.com/news/technology-33347866},
  journal={BBC news},
  year={2015}
}

@inproceedings{hardt2016equality,
  title={Equality of opportunity in supervised learning},
  author={Hardt, Moritz and Price, Eric and Srebro, Nati and others},
  booktitle={Advances in Neural Information Processing Systems},
  year={2016}
}

@article{lan2017discriminatory,
  title={Discriminatory Transfer},
  author={Lan, Chao and Huan, Jun},
  journal={arXiv preprint arXiv:1707.00780},
  year={2017}
}

@article{chandola2009anomaly,
  title={Anomaly detection: A survey},
  author={Chandola, Varun and Banerjee, Arindam and Kumar, Vipin},
  journal={ACM computing surveys (CSUR)},
  volume={41},
  number={3},
  pages={15},
  year={2009},
  publisher={ACM}
}

@article{DBLP:journals/corr/Zliobaite15a,
  author    = {Indre Zliobaite},
  title     = {A survey on measuring indirect discrimination in machine learning},
  journal   = {CoRR},
  volume    = {abs/1511.00148},
  year      = {2015},
  url       = {http://arxiv.org/abs/1511.00148},
  archivePrefix = {arXiv},
  eprint    = {1511.00148},
  timestamp = {Wed, 07 Jun 2017 14:42:24 +0200},
  biburl    = {https://dblp.org/rec/bib/journals/corr/Zliobaite15a},
  bibsource = {dblp computer science bibliography, https://dblp.org}
}

@article{klare2012face,
  title={Face recognition performance: Role of demographic information},
  author={Klare, Brendan F and Burge, Mark J and Klontz, Joshua C and Bruegge, Richard W Vorder and Jain, Anil K},
  journal={IEEE Transactions on Information Forensics and Security},
  volume={7},
  number={6},
  pages={1789--1801},
  year={2012},
  publisher={IEEE}
}

@inproceedings{huang2007correcting,
  title={Correcting sample selection bias by unlabeled data},
  author={Huang, Jiayuan and Gretton, Arthur and Borgwardt, Karsten M and Sch{\"o}lkopf, Bernhard and Smola, Alex J},
  booktitle={Advances in neural information processing systems},
  pages={601--608},
  year={2007}
}